<?xml version="1.0" encoding="UTF-8"?>
<!DOCTYPE html PUBLIC "-//W3C//DTD XHTML 1.0 Transitional//EN"
    "http://www.w3.org/TR/xhtml1/DTD/xhtml1-transitional.dtd">
<html xmlns="http://www.w3.org/1999/xhtml" xml:lang="en" lang="en">
 <head>
  <title>
</title>
<meta http-equiv="Content-Type" content="text/html;charset=utf-8" />
  <meta name='ocr-system' content='tesseract 3.04.00' />
  <meta name='ocr-capabilities' content='ocr_page ocr_carea ocr_par ocr_line ocrx_word'/>
</head>
<body>
  <div class='ocr_page' id='page_1' title='image "./philologushebra00aveegoog/philologushebra00aveegoog_0012.png"; bbox 0 0 940 1138; ppageno 0'>
   <div class='ocr_carea' id='block_1_1' title="bbox 186 31 624 62">
    <p class='ocr_par' dir='ltr' id='par_1_1' title="bbox 186 31 624 62">
     <span class='ocr_line' id='line_1_1' title="bbox 186 31 624 62; baseline 0.007 -4"><span class='ocrx_word' id='word_1_1' title='bbox 186 31 624 62; x_wconf 49' lang='lat' dir='ltr'>»DEDJCA‘TIQ</span> 
     </span>
    </p>
   </div>
   <div class='ocr_carea' id='block_1_2' title="bbox 80 92 771 834">
    <p class='ocr_par' dir='ltr' id='par_1_2' title="bbox 80 92 771 834">
     <span class='ocr_line' id='line_1_2' title="bbox 109 92 751 134; baseline 0.005 -12"><span class='ocrx_word' id='word_1_2' title='bbox 109 93 180 123; x_wconf 81' lang='lat' dir='ltr'>bella</span> <span class='ocrx_word' id='word_1_3' title='bbox 204 92 255 123; x_wconf 82' lang='lat' dir='ltr'>Dei</span> <span class='ocrx_word' id='word_1_4' title='bbox 272 92 382 123; x_wconf 88' lang='lat' dir='ltr'>heroico</span> <span class='ocrx_word' id='word_1_5' title='bbox 401 93 492 124; x_wconf 55' lang='lat' dir='ltr'>“animo</span> <span class='ocrx_word' id='word_1_6' title='bbox 511 104 653 134; x_wconf 85' lang='lat' dir='ltr'>gerentem.</span> <span class='ocrx_word' id='word_1_7' title='bbox 695 95 751 125; x_wconf 83' lang='lat' dir='ltr'>Hic</span> 
     </span>
     <span class='ocr_line' id='line_1_3' title="bbox 110 132 751 172; baseline 0.005 -11"><span class='ocrx_word' id='word_1_8' title='bbox 110 132 189 171; x_wconf 85' lang='lat' dir='ltr'>ipfius</span> <span class='ocrx_word' id='word_1_9' title='bbox 211 142 262 172; x_wconf 81' lang='lat' dir='ltr'>pro</span> <span class='ocrx_word' id='word_1_10' title='bbox 289 132 352 161; x_wconf 77' lang='lat' dir='ltr'>Deo</span> <span class='ocrx_word' id='word_1_11' title='bbox 379 143 410 162; x_wconf 85' lang='lat' dir='ltr'>ac</span> <span class='ocrx_word' id='word_1_12' title='bbox 430 134 559 164; x_wconf 80' lang='lat' dir='ltr'>Domino.</span> <span class='ocrx_word' id='word_1_13' title='bbox 576 135 668 164; x_wconf 85' lang='lat' dir='ltr'>nostro</span> <span class='ocrx_word' id='word_1_14' title='bbox 692 136 751 172; x_wconf 86' lang='lat' dir='ltr'>Jesu</span> 
     </span>
     <span class='ocr_line' id='line_1_4' title="bbox 110 171 750 212; baseline 0 -10"><span class='ocrx_word' id='word_1_15' title='bbox 110 172 221 202; x_wconf 86' lang='lat' dir='ltr'>Christo</span> <span class='ocrx_word' id='word_1_16' title='bbox 236 172 311 200; x_wconf 86' lang='lat' dir='ltr'>zelus</span> <span class='ocrx_word' id='word_1_17' title='bbox 334 180 379 210; x_wconf 78' lang='lat' dir='ltr'>me</span> <span class='ocrx_word' id='word_1_18' title='bbox 401 171 536 212; x_wconf 64' lang='lat' dir='ltr'>praecipue</span> <span class='ocrx_word' id='word_1_19' title='bbox 556 173 663 212; x_wconf 74' lang='lat' dir='ltr'>impulit</span> <span class='ocrx_word' id='word_1_20' title='bbox 684 194 691 206; x_wconf 90' lang='lat'>‚</span> <span class='ocrx_word' id='word_1_21' title='bbox 715 173 750 203; x_wconf 74' lang='lat' dir='ltr'>ad</span> 
     </span>
     <span class='ocr_line' id='line_1_5' title="bbox 80 210 751 250; baseline 0.001 -11"><span class='ocrx_word' id='word_1_22' title='bbox 80 221 91 235; x_wconf 56' lang='grc' dir='ltr'><strong><em>ν</em></strong></span> <span class='ocrx_word' id='word_1_23' title='bbox 110 210 182 240; x_wconf 88' lang='lat' dir='ltr'>hunc</span> <span class='ocrx_word' id='word_1_24' title='bbox 206 210 359 250; x_wconf 82' lang='lat' dir='ltr'>Philologum</span> <span class='ocrx_word' id='word_1_25' title='bbox 388 220 478 240; x_wconf 85' lang='lat' dir='ltr'>meum</span> <span class='ocrx_word' id='word_1_26' title='bbox 500 211 751 241; x_wconf 61' lang='lat' dir='ltr'>Hebrao-ffltixmm</span> 
     </span>
     <span class='ocr_line' id='line_1_6' title="bbox 105 249 749 290; baseline 0.006 -14"><span class='ocrx_word' id='word_1_27' title='bbox 105 249 259 290; x_wconf 62' lang='lat' dir='ltr'>,Spe-&amp;abili</span> <span class='ocrx_word' id='word_1_28' title='bbox 278 252 333 289; x_wconf 71' lang='lat' dir='ltr'>ejus</span> <span class='ocrx_word' id='word_1_29' title='bbox 351 250 465 283; x_wconf 86' lang='lat' dir='ltr'>Nomini</span> <span class='ocrx_word' id='word_1_30' title='bbox 483 250 678 282; x_wconf 87' lang='lat' dir='ltr'>inscribendum</span> <span class='ocrx_word' id='word_1_31' title='bbox 694 273 702 285; x_wconf 93' lang='lat'><em>,</em></span> <span class='ocrx_word' id='word_1_32' title='bbox 718 260 749 281; x_wconf 89' lang='lat' dir='ltr'>ut</span> 
     </span>
     <span class='ocr_line' id='line_1_7' title="bbox 107 289 771 320; baseline 0.002 -2"><span class='ocrx_word' id='word_1_33' title='bbox 107 289 244 319; x_wconf 79' lang='lat' dir='ltr'>constaret</span> <span class='ocrx_word' id='word_1_34' title='bbox 261 291 340 318; x_wconf 84' lang='lat' dir='ltr'>etiarn</span> <span class='ocrx_word' id='word_1_35' title='bbox 362 291 390 318; x_wconf 85' lang='lat' dir='ltr'>in</span> <span class='ocrx_word' id='word_1_36' title='bbox 408 292 516 320; x_wconf 84' lang='lat' dir='ltr'>remotis</span> <span class='ocrx_word' id='word_1_37' title='bbox 533 290 602 320; x_wconf 85' lang='lat' dir='ltr'>hisce</span> <span class='ocrx_word' id='word_1_38' title='bbox 621 292 674 319; x_wconf 86' lang='lat' dir='ltr'>oris</span> <span class='ocrx_word' id='word_1_39' title='bbox 693 301 750 320; x_wconf 87' lang='lat' dir='ltr'>non</span> <span class='ocrx_word' id='word_1_40' title='bbox 768 300 771 302; x_wconf 93' lang='lat'>·</span> 
     </span>
     <span class='ocr_line' id='line_1_8' title="bbox 108 327 748 358; baseline 0.003 -2"><span class='ocrx_word' id='word_1_41' title='bbox 108 327 196 357; x_wconf 68' lang='lat' dir='ltr'>deess&#39;e</span> <span class='ocrx_word' id='word_1_42' title='bbox 220 337 350 358; x_wconf 78' lang='lat' dir='ltr'>tantarum</span> <span class='ocrx_word' id='word_1_43' title='bbox 379 330 507 358; x_wconf 87' lang='lat' dir='ltr'>virtutum</span> <span class='ocrx_word' id='word_1_44' title='bbox 536 330 659 357; x_wconf 83' lang='lat' dir='ltr'>cultores.</span> <span class='ocrx_word' id='word_1_45' title='bbox 696 330 748 358; x_wconf 91' lang='lat' dir='ltr'>Ac-</span> 
     </span>
     <span class='ocr_line' id='line_1_9' title="bbox 107 367 749 406; baseline -0.003 -9"><span class='ocrx_word' id='word_1_46' title='bbox 107 368 189 406; x_wconf 85' lang='lat' dir='ltr'>cipite</span> <span class='ocrx_word' id='word_1_47' title='bbox 213 377 297 406; x_wconf 86' lang='lat' dir='ltr'>ergo,</span> <span class='ocrx_word' id='word_1_48' title='bbox 324 367 434 397; x_wconf 79' lang='lat' dir='ltr'>lllustris</span> <span class='ocrx_word' id='word_1_49' title='bbox 456 367 565 396; x_wconf 84' lang='lat' dir='ltr'>domina</span> <span class='ocrx_word' id='word_1_50' title='bbox 586 370 615 396; x_wconf 91' lang='lat'>&amp;</span> <span class='ocrx_word' id='word_1_51' title='bbox 629 368 749 396; x_wconf 88' lang='lat' dir='ltr'>Genero-</span> 
     </span>
     <span class='ocr_line' id='line_1_10' title="bbox 108 405 750 445; baseline 0 -10"><span class='ocrx_word' id='word_1_52' title='bbox 108 405 193 435; x_wconf 80' lang='lat' dir='ltr'>fiffimi</span> <span class='ocrx_word' id='word_1_53' title='bbox 209 406 321 434; x_wconf 83' lang='lat' dir='ltr'>Domini</span> <span class='ocrx_word' id='word_1_54' title='bbox 341 427 352 438; x_wconf 23' lang='lat' dir='ltr'>‚v</span> <span class='ocrx_word' id='word_1_55' title='bbox 364 405 439 444; x_wconf 87' lang='lat' dir='ltr'>quod</span> <span class='ocrx_word' id='word_1_56' title='bbox 457 405 685 445; x_wconf 71' lang='lat' dir='ltr'>obstquiofissimo</span> <span class='ocrx_word' id='word_1_57' title='bbox 694 407 750 435; x_wconf 84' lang='lat' dir='ltr'>ani-</span> 
     </span>
     <span class='ocr_line' id='line_1_11' title="bbox 108 443 748 479; baseline -0.002 -5"><span class='ocrx_word' id='word_1_58' title='bbox 108 455 156 475; x_wconf 89' lang='lat' dir='ltr'>mo</span> <span class='ocrx_word' id='word_1_59' title='bbox 168 444 256 475; x_wconf 86' lang='lat' dir='ltr'>Vobis</span> <span class='ocrx_word' id='word_1_60' title='bbox 281 444 333 479; x_wconf 85' lang='lat' dir='ltr'>jam</span> <span class='ocrx_word' id='word_1_61' title='bbox 355 444 501 474; x_wconf 84' lang='lat' dir='ltr'>inscribitur</span> <span class='ocrx_word' id='word_1_62' title='bbox 521 454 617 474; x_wconf 88' lang='lat' dir='ltr'>munus</span> <span class='ocrx_word' id='word_1_63' title='bbox 637 465 645 477; x_wconf 89' lang='lat'>,</span> <span class='ocrx_word' id='word_1_64' title='bbox 675 446 701 473; x_wconf 91' lang='lat' dir='ltr'>in</span> <span class='ocrx_word' id='word_1_65' title='bbox 721 443 748 473; x_wconf 90' lang='lat' dir='ltr'>se</span> 
     </span>
     <span class='ocr_line' id='line_1_12' title="bbox 106 482 748 523; baseline 0 -11"><span class='ocrx_word' id='word_1_66' title='bbox 106 483 220 523; x_wconf 78' lang='lat' dir='ltr'>quidem</span> <span class='ocrx_word' id='word_1_67' title='bbox 239 482 393 522; x_wconf 57' lang='lat' dir='ltr'>leyidenfiz,</span> <span class='ocrx_word' id='word_1_68' title='bbox 409 482 454 512; x_wconf 86' lang='lat' dir='ltr'>sed</span> <span class='ocrx_word' id='word_1_69' title='bbox 462 493 519 522; x_wconf 91' lang='lat' dir='ltr'>quo</span> <span class='ocrx_word' id='word_1_70' title='bbox 534 483 692 518; x_wconf 82' lang='lat' dir='ltr'>nihilmajus</span> <span class='ocrx_word' id='word_1_71' title='bbox 702 505 709 516; x_wconf 86' lang='lat'><em>,</em></span> <span class='ocrx_word' id='word_1_72' title='bbox 729 482 748 512; x_wconf 89' lang='lat' dir='ltr'>fi</span> 
     </span>
     <span class='ocr_line' id='line_1_13' title="bbox 107 520 749 560; baseline -0.002 -8"><span class='ocrx_word' id='word_1_73' title='bbox 107 524 226 552; x_wconf 83' lang='lat' dir='ltr'>animum</span> <span class='ocrx_word' id='word_1_74' title='bbox 243 520 377 551; x_wconf 87' lang='lat' dir='ltr'>offerentis</span> <span class='ocrx_word' id='word_1_75' title='bbox 391 520 555 560; x_wconf 64' lang='lat' dir='ltr'>respiciatis,</span> <span class='ocrx_word' id='word_1_76' title='bbox 570 521 658 552; x_wconf 85' lang='lat' dir='ltr'>offerri</span> <span class='ocrx_word' id='word_1_77' title='bbox 670 521 749 551; x_wconf 83' lang='lat' dir='ltr'>vobis</span> 
     </span>
     <span class='ocr_line' id='line_1_14' title="bbox 107 560 747 601; baseline -0.002 -10"><span class='ocrx_word' id='word_1_78' title='bbox 107 561 184 601; x_wconf 86' lang='lat' dir='ltr'>poffe</span> <span class='ocrx_word' id='word_1_79' title='bbox 207 565 294 589; x_wconf 78' lang='lat' dir='ltr'>certus</span> <span class='ocrx_word' id='word_1_80' title='bbox 318 560 383 589; x_wconf 90' lang='lat' dir='ltr'>sum.</span> <span class='ocrx_word' id='word_1_81' title='bbox 420 561 509 591; x_wconf 82' lang='lat' dir='ltr'>Etiam</span> <span class='ocrx_word' id='word_1_82' title='bbox 530 561 618 597; x_wconf 66' lang='lat' dir='ltr'>nullns</span> <span class='ocrx_word' id='word_1_83' title='bbox 631 560 747 594; x_wconf 86' lang='lat' dir='ltr'>dubito,</span> 
     </span>
     <span class='ocr_line' id='line_1_15' title="bbox 106 598 747 640; baseline -0.002 -11"><span class='ocrx_word' id='word_1_84' title='bbox 106 602 173 640; x_wconf 87' lang='lat' dir='ltr'>quin</span> <span class='ocrx_word' id='word_1_85' title='bbox 187 598 274 629; x_wconf 81' lang='lat' dir='ltr'>serena</span> <span class='ocrx_word' id='word_1_86' title='bbox 291 599 380 628; x_wconf 89' lang='lat' dir='ltr'>fronte</span> <span class='ocrx_word' id='word_1_87' title='bbox 394 602 528 639; x_wconf 85' lang='lat' dir='ltr'>accepturi</span> <span class='ocrx_word' id='word_1_88' title='bbox 539 600 591 628; x_wconf 89' lang='lat' dir='ltr'>fitis</span> <span class='ocrx_word' id='word_1_89' title='bbox 604 621 611 633; x_wconf 90' lang='lat'><em>,</em></span> <span class='ocrx_word' id='word_1_90' title='bbox 626 600 747 635; x_wconf 77' lang='lat' dir='ltr'>cumjatn</span> 
     </span>
     <span class='ocr_line' id='line_1_16' title="bbox 107 637 763 676; baseline -0.003 -9"><span class='ocrx_word' id='word_1_91' title='bbox 107 641 252 669; x_wconf 80' lang='lat' dir='ltr'>deauratum</span> <span class='ocrx_word' id='word_1_92' title='bbox 270 638 404 676; x_wconf 73' lang='lat' dir='ltr'>poculum,</span> <span class='ocrx_word' id='word_1_93' title='bbox 422 637 581 666; x_wconf 81' lang='lat' dir='ltr'>donativum</span> <span class='ocrx_word' id='word_1_94' title='bbox 594 637 763 666; x_wconf 85' lang='lat' dir='ltr'>munificen--</span> 
     </span>
     <span class='ocr_line' id='line_1_17' title="bbox 106 676 749 716; baseline -0.002 -10"><span class='ocrx_word' id='word_1_95' title='bbox 106 678 248 715; x_wconf 68' lang='lat' dir='ltr'>tiffinjum,</span> <span class='ocrx_word' id='word_1_96' title='bbox 264 686 321 716; x_wconf 90' lang='lat' dir='ltr'>quo</span> <span class='ocrx_word' id='word_1_97' title='bbox 329 677 396 706; x_wconf 89' lang='lat' dir='ltr'>olim</span> <span class='ocrx_word' id='word_1_98' title='bbox 407 676 517 708; x_wconf 85' lang='lat' dir='ltr'>Illustris</span> <span class='ocrx_word' id='word_1_99' title='bbox 529 677 640 705; x_wconf 75' lang='lat' dir='ltr'>Maritus</span> <span class='ocrx_word' id='word_1_100' title='bbox 657 678 685 705; x_wconf 67' lang='grc' dir='ltr'>ὃς</span> <span class='ocrx_word' id='word_1_101' title='bbox 703 676 749 705; x_wconf 89' lang='lat' dir='ltr'>Pa-</span> 
     </span>
     <span class='ocr_line' id='line_1_18' title="bbox 107 714 749 749; baseline -0.003 -2"><span class='ocrx_word' id='word_1_102' title='bbox 107 728 166 749; x_wconf 85' lang='lat' dir='ltr'>rens</span> <span class='ocrx_word' id='word_1_103' title='bbox 179 716 271 746; x_wconf 84' lang='lat' dir='ltr'>Vester</span> <span class='ocrx_word' id='word_1_104' title='bbox 286 715 334 745; x_wconf 71' lang='lat' dir='ltr'>&#39;me</span> <span class='ocrx_word' id='word_1_105' title='bbox 347 716 490 745; x_wconf 88' lang='lat' dir='ltr'>honoravit</span> <span class='ocrx_word' id='word_1_106' title='bbox 499 736 507 747; x_wconf 94' lang='lat'>,</span> <span class='ocrx_word' id='word_1_107' title='bbox 528 715 692 744; x_wconf 81' lang='lat' dir='ltr'>luculentum</span> <span class='ocrx_word' id='word_1_108' title='bbox 710 714 749 745; x_wconf 84' lang='lat' dir='ltr'>fa-</span> 
     </span>
     <span class='ocr_line' id='line_1_19' title="bbox 96 754 748 793; baseline -0.009 -5"><span class='ocrx_word' id='word_1_109' title='bbox 96 758 178 788; x_wconf 60' lang='lat' dir='ltr'>&lt;voris</span> <span class='ocrx_word' id='word_1_110' title='bbox 202 754 239 784; x_wconf 85' lang='lat' dir='ltr'>sui</span> <span class='ocrx_word' id='word_1_111' title='bbox 256 764 316 793; x_wconf 83' lang='lat' dir='ltr'>erga</span> <span class='ocrx_word' id='word_1_112' title='bbox 338 764 382 784; x_wconf 89' lang='lat' dir='ltr'>me</span> <span class='ocrx_word' id='word_1_113' title='bbox 402 754 557 793; x_wconf 67' lang='lat' dir='ltr'>symbolum</span> <span class='ocrx_word' id='word_1_114' title='bbox 581 763 640 782; x_wconf 84' lang='lat' dir='ltr'>tum</span> <span class='ocrx_word' id='word_1_115' title='bbox 659 763 748 783; x_wconf 87' lang='lat' dir='ltr'>extare</span> 
     </span>
     <span class='ocr_line' id='line_1_20' title="bbox 107 792 747 834; baseline -0.005 -10"><span class='ocrx_word' id='word_1_116' title='bbox 107 796 231 834; x_wconf 54' lang='lat' dir='ltr'>voluerit.</span> <span class='ocrx_word' id='word_1_117' title='bbox 265 795 363 831; x_wconf 83' lang='lat' dir='ltr'>Qam</span> <span class='ocrx_word' id='word_1_118' title='bbox 389 793 593 827; x_wconf 71' lang='lat' dir='ltr'>beneficentiam</span> <span class='ocrx_word' id='word_1_119' title='bbox 617 792 681 821; x_wconf 69' lang='lat' dir='ltr'>cim]</span> <span class='ocrx_word' id='word_1_120' title='bbox 709 803 747 822; x_wconf 81' lang='lat' dir='ltr'>re-</span> 
     </span>
    </p>
   </div>
   <div class='ocr_carea' id='block_1_3' title="bbox 0 823 747 876">
    <p class='ocr_par' dir='ltr' id='par_1_3' title="bbox 0 823 747 876">
     <span class='ocr_line' id='line_1_21' title="bbox 0 823 747 876; baseline -0.004 -13"><span class='ocrx_word' id='word_1_121' title='bbox 0 823 11 834; x_wconf 45' lang='lat'><em>*</em></span> <span class='ocrx_word' id='word_1_122' title='bbox 35 838 43 845; x_wconf 91' lang='lat'><em>‘</em></span> <span class='ocrx_word' id='word_1_123' title='bbox 59 839 62 842; x_wconf 79' lang='grc'><strong>”</strong></span> <span class='ocrx_word' id='word_1_124' title='bbox 107 833 224 876; x_wconf 81' lang='lat' dir='ltr'>pendere</span> <span class='ocrx_word' id='word_1_125' title='bbox 245 839 374 872; x_wconf 82' lang='lat' dir='ltr'>nequeam</span> <span class='ocrx_word' id='word_1_126' title='bbox 393 854 400 866; x_wconf 91' lang='lat'>‚</span> <span class='ocrx_word' id='word_1_127' title='bbox 420 840 470 872; x_wconf 88' lang='lat' dir='ltr'>pro</span> <span class='ocrx_word' id='word_1_128' title='bbox 485 841 545 862; x_wconf 85' lang='lat' dir='ltr'>mea</span> <span class='ocrx_word' id='word_1_129' title='bbox 559 831 650 862; x_wconf 84' lang='lat' dir='ltr'>saltem</span> <span class='ocrx_word' id='word_1_130' title='bbox 664 833 747 861; x_wconf 86' lang='lat' dir='ltr'>tenui-</span> 
     </span>
    </p>
   </div>
   <div class='ocr_carea' id='block_1_4' title="bbox 92 869 749 909">
    <p class='ocr_par' dir='ltr' id='par_1_4' title="bbox 92 869 749 909">
     <span class='ocr_line' id='line_1_22' title="bbox 92 869 749 909; baseline -0.006 -5"><span class='ocrx_word' id='word_1_131' title='bbox 92 895 94 897; x_wconf 59' lang='lat'>&gt;</span> <span class='ocrx_word' id='word_1_132' title='bbox 107 882 163 904; x_wconf 87' lang='lat' dir='ltr'>tate</span> <span class='ocrx_word' id='word_1_133' title='bbox 184 872 234 902; x_wconf 83' lang='lat' dir='ltr'>hac</span> <span class='ocrx_word' id='word_1_134' title='bbox 249 870 389 901; x_wconf 80' lang='lat' dir='ltr'>occafione</span> <span class='ocrx_word' id='word_1_135' title='bbox 404 870 465 901; x_wconf 77' lang='lat' dir='ltr'>data</span> <span class='ocrx_word' id='word_1_136' title='bbox 479 894 486 906; x_wconf 90' lang='lat'>,</span> <span class='ocrx_word' id='word_1_137' title='bbox 501 873 597 900; x_wconf 79' lang='lat' dir='ltr'>iterum</span> <span class='ocrx_word' id='word_1_138' title='bbox 608 869 749 909; x_wconf 85' lang='lat' dir='ltr'>agnoscere</span> 
     </span>
    </p>
   </div>
   <div class='ocr_carea' id='block_1_5' title="bbox 107 909 749 979">
    <p class='ocr_par' dir='ltr' id='par_1_5' title="bbox 107 909 749 979">
     <span class='ocr_line' id='line_1_23' title="bbox 107 909 746 971; baseline -0.008 -28"><span class='ocrx_word' id='word_1_139' title='bbox 107 921 199 944; x_wconf 86' lang='lat' dir='ltr'>meum</span> <span class='ocrx_word' id='word_1_140' title='bbox 219 910 271 941; x_wconf 63' lang='lat' dir='ltr'>‘essb</span> <span class='ocrx_word' id='word_1_141' title='bbox 295 911 451 942; x_wconf 83' lang='lat' dir='ltr'>existimavi.</span> <span class='ocrx_word' id='word_1_142' title='bbox 459 910 630 971; x_wconf 64' lang='lat' dir='ltr'>**Caeterum</span> <span class='ocrx_word' id='word_1_143' title='bbox 656 909 746 939; x_wconf 87' lang='lat' dir='ltr'>Deum</span> 
     </span>
     <span class='ocr_line' id='line_1_24' title="bbox 545 957 749 979; baseline 0.01 -2"><span class='ocrx_word' id='word_1_144' title='bbox 545 974 547 977; x_wconf 84' lang='lat'>.</span> <span class='ocrx_word' id='word_1_145' title='bbox 671 957 749 979; x_wconf 86' lang='lat' dir='ltr'>vene·</span> 
     </span>
    </p>
   </div>
  </div>
 </body>
</html>
